=LDR  00901cam\\2200241Ia\45e0
=001  ocm01047729\
=003  OCoLC
=005  19960221075055.7
=008  741021s1884\\\\enkaf\\\\\\\\\000\1\eng\d
=040  \\$aKSU$cKSU$dGZM
=090  \\$aPS1305$b.A1 1884
=049  \\$aVODN
=100  1\$aTwain, Mark,$d1835-1910.
=245  14$aThe adventures of Huckleberry Finn :$b(Tom Sawyer's
 comrade) : scene, the Mississippi Valley : time, forty to fifty
 years ago /$cby Mark Twain (Samuel Clemens) ; with 174
 illustrations.
=260  \\$aLondon :$bChatto & Windus,$c1884.
=300  \\$axvi, 438 p., [1] leaf of plates :$bill. ;$c20 cm.
=500  \\$aFirst English ed.
=500  \\$aState B; gatherings saddle-stitched with wire staples.
=500  \\$aAdvertisements on p. [1]-32 at end.
=500  \\$aBound in red S cloth; stamped in black and gold.
=510  4\$aBAL$c3414.
=740  01$aHuckleberry Finn.
=994  \\$aE0$bVOD

